<record><leader>00000cas a22000007a 4500</leader><controlfield tag="001">10079989</controlfield><controlfield tag="008">831101d18631864msuin ne      0   a0eng  </controlfield><datafield ind1=" " ind2=" " tag="010"><subfield code="a">sn 83016737 </subfield></datafield><datafield ind1=" " ind2=" " tag="040"><subfield code="a">DLC</subfield><subfield code="b">eng</subfield><subfield code="c">DLC</subfield><subfield code="d">NPX</subfield><subfield code="d">PPM</subfield><subfield code="d">MSJ</subfield><subfield code="d">CRL</subfield><subfield code="d">DLC</subfield><subfield code="d">OCLCF</subfield><subfield code="d">DLC</subfield></datafield><datafield ind1="0" ind2=" " tag="022"><subfield code="a">2470-2609</subfield><subfield code="2">1</subfield></datafield><datafield ind1=" " ind2=" " tag="042"><subfield code="a">msc</subfield><subfield code="a">nsdp</subfield></datafield><datafield ind1=" " ind2=" " tag="043"><subfield code="a">n-us-ms</subfield></datafield><datafield ind1="0" ind2="0" tag="050"><subfield code="a">Newspaper</subfield></datafield><datafield ind1="1" ind2="0" tag="082"><subfield code="a">071</subfield><subfield code="2">23</subfield></datafield><datafield ind1="0" ind2=" " tag="130"><subfield code="a">Tri-weekly citizen (Canton, Miss.)</subfield></datafield><datafield ind1=" " ind2="4" tag="222"><subfield code="a">The tri-weekly citizen</subfield><subfield code="b">(Canton, Miss. Print)</subfield></datafield><datafield ind1="1" ind2="4" tag="245"><subfield code="a">The tri-weekly citizen.</subfield></datafield><datafield ind1=" " ind2=" " tag="260"><subfield code="a">Canton, Miss. :</subfield><subfield code="b">J.F. Bosworth,</subfield><subfield code="c">1863-</subfield></datafield><datafield ind1=" " ind2=" " tag="300"><subfield code="a">v. ;</subfield><subfield code="c">57 cm.</subfield></datafield><datafield ind1=" " ind2=" " tag="310"><subfield code="a">Triweekly</subfield></datafield><datafield ind1="0" ind2=" " tag="362"><subfield code="a">Vol. 1, no. 1 (Nov. 17, 1863)-</subfield></datafield><datafield ind1="1" ind2=" " tag="362"><subfield code="a">Ceased in Jan. 1864.</subfield></datafield><datafield ind1=" " ind2=" " tag="500"><subfield code="a">Due to a paper shortage, the Citizen was published on a half-sheet, and was irregular in frequency.</subfield></datafield><datafield ind1=" " ind2=" " tag="530"><subfield code="a">Also available on microfilm from UMI.</subfield></datafield><datafield ind1=" " ind2=" " tag="530"><subfield code="a">Archived issues are available in digital format from the Library of Congress Chronicling America online collection.</subfield></datafield><datafield ind1=" " ind2=" " tag="588"><subfield code="a">Latest issue consulted: Vol. 1, no. 26 (Jan. 24, 1864).</subfield></datafield><datafield ind1=" " ind2="0" tag="651"><subfield code="a">Canton (Miss.)</subfield><subfield code="v">Newspapers.</subfield></datafield><datafield ind1=" " ind2="7" tag="651"><subfield code="a">Mississippi</subfield><subfield code="z">Canton.</subfield><subfield code="2">fast</subfield><subfield code="0">(OCoLC)fst01219893</subfield></datafield><datafield ind1=" " ind2="7" tag="655"><subfield code="a">Newspapers.</subfield><subfield code="2">fast</subfield><subfield code="0">(OCoLC)fst01423814</subfield></datafield><datafield ind1=" " ind2=" " tag="752"><subfield code="a">United States</subfield><subfield code="b">Mississippi</subfield><subfield code="c">Madison</subfield><subfield code="d">Canton.</subfield></datafield><datafield ind1="0" ind2="8" tag="776"><subfield code="i">Online version:</subfield><subfield code="t">Tri-weekly citizen (Canton, Miss.)</subfield><subfield code="x">2470-2617</subfield><subfield code="w">(DLC)  2015270768</subfield><subfield code="w">(OCoLC)918942629</subfield></datafield><datafield ind1="0" ind2="0" tag="780"><subfield code="t">American citizen (Canton, Miss : 1851)</subfield><subfield code="x">2378-1475</subfield><subfield code="w">(DLC)sn 83016736</subfield><subfield code="w">(OCoLC)10079820</subfield></datafield><datafield ind1="0" ind2="0" tag="785"><subfield code="t">Canton tri-weekly citizen</subfield><subfield code="w">(DLC)sn 83016738</subfield><subfield code="w">(OCoLC)10080032</subfield></datafield><datafield ind1="4" ind2="1" tag="856"><subfield code="u">http://www.loc.gov/chroniclingamerica/lccn/sn83016737/issues</subfield></datafield><datafield ind1=" " ind2=" " tag="936"><subfield code="a">Vol. 1, no. 18 (Dec. 29, [1863]) LIC</subfield></datafield><datafield ind1="1" ind2=" " tag="029"><subfield code="a">AU@</subfield><subfield code="b">000020293867</subfield></datafield></record>